<collection xmlns="http://www.loc.gov/MARC21/slim">
<record>
  <leader>01025nam0a22002651i 450 </leader>
  <controlfield tag="001">IT\ICCU\CNCE\067050</controlfield>
  <controlfield tag="005">20061005000000.0</controlfield>
  <datafield tag="012" ind1=" " ind2=" ">
    <subfield code="a">**** **** ente uegr (3) 1536 (A)</subfield>
    <subfield code="2">fei</subfield>
  </datafield>
  <datafield tag="100" ind1=" " ind2=" ">
    <subfield code="a">20060907d1536        0itac0103    ba</subfield>
  </datafield>
  <datafield tag="101" ind1=" " ind2=" ">
    <subfield code="a">LAT</subfield>
  </datafield>
  <datafield tag="102" ind1=" " ind2=" ">
    <subfield code="a">IT</subfield>
  </datafield>
  <datafield tag="200" ind1="1" ind2=" ">
    <subfield code="a">Forma instrumentorum ...</subfield>
  </datafield>
  <datafield tag="210" ind1=" " ind2=" ">
    <subfield code="e">Venetiis</subfield>
    <subfield code="g">per Petrus de Ioannes Facholo dictus equs</subfield>
    <subfield code="h">1536</subfield>
  </datafield>
  <datafield tag="215" ind1=" " ind2=" ">
    <subfield code="a">261, \3! c.</subfield>
    <subfield code="d">4ʻ</subfield>
  </datafield>
  <datafield tag="300" ind1=" " ind2=" ">
    <subfield code="a">Eliminata perch ̈ ̈la CNC51748</subfield>
  </datafield>
  <datafield tag="620" ind1=" " ind2=" ">
    <subfield code="a">IT</subfield>
    <subfield code="d">Venezia</subfield>
  </datafield>
  <datafield tag="700" ind1=" " ind2="1">
    <subfield code="a">Spelungano,</subfield>
    <subfield code="b">Leone</subfield>
    <subfield code="3">IT\ICCU\CNCA\015857</subfield>
  </datafield>
  <datafield tag="712" ind1="0" ind2="0">
    <subfield code="a">Facolo, Pietro</subfield>
    <subfield code="3">IT\ICCU\CNCT\000793</subfield>
    <subfield code="4">650</subfield>
  </datafield>
  <datafield tag="790" ind1=" " ind2="1">
    <subfield code="a">Sperlungano,</subfield>
    <subfield code="b">Leone</subfield>
    <subfield code="3">IT\ICCU\CNCA\024338</subfield>
    <subfield code="z">Spelungano, Leone</subfield>
  </datafield>
  <datafield tag="790" ind1=" " ind2="1">
    <subfield code="a">Speluncano,</subfield>
    <subfield code="b">Leone</subfield>
    <subfield code="3">IT\ICCU\CNCA\024339</subfield>
    <subfield code="z">Spelungano, Leone</subfield>
  </datafield>
  <datafield tag="790" ind1=" " ind2="0">
    <subfield code="a">Leo</subfield>
    <subfield code="c"> : Speluncanus</subfield>
    <subfield code="3">IT\ICCU\CNCA\024341</subfield>
    <subfield code="z">Spelungano, Leone</subfield>
  </datafield>
  <datafield tag="791" ind1="0" ind2="0">
    <subfield code="a">Facholus, Petrus</subfield>
    <subfield code="3">IT\ICCU\CNCT\005098</subfield>
    <subfield code="z">Facolo, Pietro</subfield>
  </datafield>
  <datafield tag="791" ind1="0" ind2="0">
    <subfield code="a">Facol, Pietro</subfield>
    <subfield code="3">IT\ICCU\CNCT\006349</subfield>
    <subfield code="z">Facolo, Pietro</subfield>
  </datafield>
  <datafield tag="801" ind1=" " ind2="3">
    <subfield code="a">IT</subfield>
    <subfield code="b">ICCU</subfield>
    <subfield code="c">20201115</subfield>
  </datafield>
  <datafield tag="899" ind1=" " ind2=" ">
    <subfield code="a">Accademia Georgica. Treia</subfield>
    <subfield code="1">MC0251</subfield>
    <subfield code="2">UMC AG</subfield>
  </datafield>
</record>
</collection>
